<?xml version="1.0" encoding="UTF-8"?>
<collection xmlns:xsi="http://www.w3.org/2001/XMLSchema-instance" xsi:schemaLocation="http://www.loc.gov/MARC21/slim http://www.loc.gov/standards/marcxml/schema/MARC21slim.xsd" xmlns="http://www.loc.gov/MARC21/slim">
<record>
  <leader>01195cam a22002771  4500</leader>
  <controlfield tag="001">3121167</controlfield>
  <controlfield tag="003">NNC</controlfield>
  <controlfield tag="005">20140528151227.0</controlfield>
  <controlfield tag="008">011023s1936    ua            000 0 ara d</controlfield>
  <datafield tag="035" ind1=" " ind2=" ">
    <subfield code="a">(OCoLC)82748917</subfield>
  </datafield>
  <datafield tag="035" ind1=" " ind2=" ">
    <subfield code="a">(OCoLC)ocm82748917</subfield>
  </datafield>
  <datafield tag="035" ind1=" " ind2=" ">
    <subfield code="9">ATV3382CU</subfield>
  </datafield>
  <datafield tag="035" ind1=" " ind2=" ">
    <subfield code="a">(NNC)3121167</subfield>
  </datafield>
  <datafield tag="040" ind1=" " ind2=" ">
    <subfield code="a">ZCU</subfield>
    <subfield code="c">ZCU</subfield>
  </datafield>
  <datafield tag="099" ind1=" " ind2=" ">
    <subfield code="a">893.7K84</subfield>
    <subfield code="a">DD5</subfield>
  </datafield>
  <datafield tag="100" ind1="1" ind2=" ">
    <subfield code="a">Ḍabbāʻ, ʻAlī Muḥammad al-</subfield>
  </datafield>
  <datafield tag="245" ind1="1" ind2="3">
    <subfield code="a">al-Qawl al-aṣdaq fī bayān mā khālafa fīhi al-Aṣbahānī al-Azraq,</subfield>
    <subfield code="c">taʾlīf ʻAlī Muḥammad al-Dabbāʻ.</subfield>
  </datafield>
  <datafield tag="260" ind1=" " ind2=" ">
    <subfield code="a">Miṣr,</subfield>
    <subfield code="b">al-Maktabah al-Tijārīyah: Muṣṭafā Muḥammad</subfield>
    <subfield code="c">1936</subfield>
  </datafield>
  <datafield tag="300" ind1=" " ind2=" ">
    <subfield code="a">31 p.</subfield>
  </datafield>
  <datafield tag="500" ind1=" " ind2=" ">
    <subfield code="a">Cover-title.</subfield>
  </datafield>
  <datafield tag="500" ind1=" " ind2=" ">
    <subfield code="a">"Hādhihī kalimāt yasīrah allaftuhā sharḥan ʻalā manẓūmat ... al-shaykh Muḥammad ibn Aḥmad al-shahīr bi al-Mutawallī, al-mutawaffā ... sanata 1313 h., allatī naẓama fīhā mā khạlafa fīhī Abū Bakr al-Aṣbahānī min ṭarīq Ṭayyibat al-nashr Abā Yaʻqūb al-Azraq min ṭarīq al-Shāṭibīyah."</subfield>
  </datafield>
  <datafield tag="630" ind1="0" ind2="0">
    <subfield code="a">Qurʼan.</subfield>
  </datafield>
  <datafield tag="650" ind1=" " ind2="0">
    <subfield code="a">Shāṭibīyah.</subfield>
  </datafield>
  <datafield tag="650" ind1=" " ind2="0">
    <subfield code="a">Sufism.</subfield>
  </datafield>
  <datafield tag="710" ind1="2" ind2=" ">
    <subfield code="a">Muhammad ibn Ahmad al-Mutȧwallī,</subfield>
    <subfield code="d">-1895.</subfield>
  </datafield>
  <datafield tag="955" ind1=" " ind2=" ">
    <subfield code="b">CU58923268</subfield>
    <subfield code="d">off,glx</subfield>
    <subfield code="e">893.7K84 DD5</subfield>
  </datafield>
</record>
</collection>